
@article{sen1993internal,
  title={Internal consistency of choice},
  author={Sen, Amartya},
  journal={Econometrica: Journal of the Econometric Society},
  pages={495--521},
  year={1993},
  publisher={JSTOR}
}

@article{beck2016can,
  title={Can you ever be certain? Reducing hypothetical bias in stated choice experiments via respondent reported choice certainty},
  author={Beck, Matthew J and Fifer, Simon and Rose, John M},
  journal={Transportation Research Part B: Methodological},
  volume={89},
  pages={149--167},
  year={2016},
  publisher={Elsevier}
}

@book{train2002discrete,
  title={Discrete choice methods with simulation},
  author={Train, Kenneth E},
  year={2002},
  publisher={Cambridge university press}
}

@article{hensher2003mixed,
  title={The mixed logit model: the state of practice},
  author={Hensher, David A and Greene, William H},
  journal={Transportation},
  volume={30},
  number={2},
  pages={133--176},
  year={2003},
  publisher={Springer}
}

@article{hess2005estimation,
  title={Estimation of value of travel-time savings using mixed logit models},
  author={Hess, Stephane and Bierlaire, Michel and Polak, John W},
  journal={Transportation Research Part A: Policy and Practice},
  volume={39},
  number={2-3},
  pages={221--236},
  year={2005},
  publisher={Elsevier}
}

@article{rizzi2003stated,
  title={Stated preference in the valuation of interurban road safety},
  author={Rizzi, Luis I and de Dios Ort{\'u}zar, Juan},
  journal={Accident Analysis \& Prevention},
  volume={35},
  number={1},
  pages={9--22},
  year={2003},
  publisher={Elsevier}
}

@article{witlox2005determining,
  title={Determining the monetary value of quality attributes in freight transportation using a stated preference approach},
  author={Witlox, Frank and Vandaele, Els},
  journal={Transportation Planning and Technology},
  volume={28},
  number={2},
  pages={77--92},
  year={2005},
  publisher={Taylor \& Francis}
}

@article{vossler2009bridging,
  title={Bridging the gap between the field and the lab: Environmental goods, policy maker input, and consequentiality},
  author={Vossler, Christian A and Evans, Mary F},
  journal={Journal of Environmental Economics and Management},
  volume={58},
  number={3},
  pages={338--345},
  year={2009},
  publisher={Elsevier}
}

@article{ready2010using,
  title={Using respondent uncertainty to mitigate hypothetical bias in a stated choice experiment},
  author={Ready, Richard C and Champ, Patricia A and Lawton, Jennifer L},
  journal={Land Economics},
  volume={86},
  number={2},
  pages={363--381},
  year={2010},
  publisher={University of Wisconsin Press}
}

@article{pompermayer2017simulaccao,
  title={Simula{\c{c}}{\~a}o de parceria p{\'u}blico-privada para as rodovias federais: impactos sobre or{\c{c}}amento fiscal, usu{\'a}rios e contribuintes},
  author={Pompermayer, Fabiano Mezadre},
  year={2017},
  journal={Instituto de Pesquisa Econ{\^o}mica Aplicada (Ipea)},
  number={Texto para Discuss√£o 2275}
  }
